%%% ----------------- PREPRINTS -------------------- %%%

@article{art-1,
	 title = {Connecting the dots between computational tools to analyse soil-root water relations},
	 author = {Passot, S and Couvreur, C and Meunier, F and Draye, X and Javaux, M and Leitner, D and Pagès, L and Schnepf, A and Vanderborght, J and Lobet, G},
	 year = {2018},
	 doi = {10.1101/312918},
	 altmetric = {19},
	 citations = {0},
	 fcr = {},
	 url = {http://dx.doi.org/10.1101/312918},
	 keywords = {preprint}
}

@article{art-2,
	 title = {Novel multiscale insights into the composite nature of water transport in roots},
	 author = {Couvreur, V and Faget, M and Lobet, G and Javaux, M and Chaumont, F and Draye, X},
	 year = {2017},
	 doi = {10.1101/147314},
	 altmetric = {10},
	 citations = {1},
	 fcr = {},
	 url = {http://dx.doi.org/10.1101/147314},
	 keywords = {preprint}
}



 %%% ----------------- PUBLISHED ARTICLES -------------------- %%%

@article{art-4,
	 title = {Impact of crop residue management on crop production and soil chemistry after seven years of crop rotation in temperate climate, loamy soils},
	 author = {Hiel, MP and Barbieux, S and Pierreux, J and Olivier, C and Lobet, G and Roisin, C and Garré, S and Colinet, G and Bodson, B and Dumont, B},
	 year = {2018},
	 doi = {10.7717/peerj.4836},
	 altmetric = {2},
	 citations = {-},
	 fcr = {-},
	 url = {http://dx.doi.org/10.7717/peerj.4836},
	 keywords = {accepted}
}

@article{art-5,
	 title = {A spatio-temporal analysis of early root system development reveals three types of lateral roots},
	 author = {Passot, S and Moreno-Ortega, B and Moukouanga, D and Balsera, C and GUYOMARC'H, S and Lucas, M and Lobet, G and Laplaze, L and Muller, B and Guédon, Y},
	 year = {2018},
	 doi = {10.1104/pp.17.01648},
	 altmetric = {24},
	 citations = {0},
	 fcr = {},
	 url = {http://dx.doi.org/10.1104/pp.17.01648},
	 keywords = {accepted}
}

@article{art-6,
	 title = {CRootBox, A Structural-Functional Modelling Framework For Root Systems},
	 author = {Schnepf, A and Leitner, D and Landl, M and Lobet, G and Hieu, Mai, T and Morandage, S and Sheng, C and Zoerner, M and Vanderborght, J and Vereecken, H},
	 year = {2018},
	 doi = {10.1093/aob/mcx221},
	 altmetric = {70},
	 citations = {2},
	 fcr = {},
	 url = {http://dx.doi.org/10.1093/aob/mcx221},
	 keywords = {accepted}
}

@article{art-7,
	 title = {Measuring root system traits of wheat in 2D images to parameterize 3D root architecture models},
	 author = {Landl, M and Schnepf, A and Vanderborght, J and Bengough, G and Bauke, S and Lobet, G and Bol, R and Vereecken, H},
	 year = {2018},
	 doi = {10.1007/s11104-018-3595-8},
	 altmetric = {0},
	 citations = {0},
	 fcr = {},
	 url = {http://dx.doi.org/10.1007/s11104-018-3595-8},
	 keywords = {accepted}
}

@article{art-8,
	 title = {archiDART v3.0, A new data analysis pipeline allowing the topological analysis of plant root systems},
	 author = {Delory, B and Li, M and Topp, C, and, Lobet, G},
	 year = {2018},
	 doi = {10.12688/f1000research.13541.1},
	 altmetric = {36},
	 citations = {2},
	 fcr = {},
	 url = {http://dx.doi.org/10.12688/f1000research.13541.1},
	 keywords = {accepted}
}

@article{art-9,
	 title = {Teaching Tools in Plant Biology, Phenomics of root system architecture},
	 author = {York, L, and, Lobet, G},
	 year = {2017},
	 doi = {10.1105/tpc.117.tt0917},
	 altmetric = {18},
	 citations = {1},
	 fcr = {},
	 url = {http://www.ncbi.nlm.nih.gov/pubmed/29018159},
	 keywords = {accepted}
}

@article{art-10,
	 title = {Combining semi-automated image analysis techniques with machine learning algorithms to accelerate large scale genetic studies},
	 author = {Atkinson, J* and Lobet, G* and Noll, M and Meyer, P and Griffiths, M and Wells, D},
	 year = {2017},
	 doi = {10.1093/gigascience/gix084},
	 altmetric = {43},
	 citations = {4},
	 fcr = {},
	 url = {http://www.ncbi.nlm.nih.gov/pubmed/29020748},
	 keywords = {accepted}
}

@article{art-11,
	 title = {Image analysis in plant science. Publish then perish},
	 author = {Lobet, G},
	 year = {2017},
	 doi = {10.1016/j.tplants.2017.05.002},
	 altmetric = {50},
	 citations = {13},
	 fcr = {},
	 url = {http://www.ncbi.nlm.nih.gov/pubmed/28571940},
	 quote = {\rule{\linewidth}{0.2pt} This is a timely article, and one which correctly characterises key issues facing those creating and using image analysis tools in the biological sciences. The data presented is interesting and informative, and biologists using image analysis tools should be made aware of the issues raised in this paper.\\ \hspace*{\fill} [ Anonymous Reviewer 2 ]
},
	 keywords = {accepted}
}

@article{art-12,
	 title = {An evaluation of inexpensive methods for root image acquisition when using rhizotrons},
	 author = {Mohamed, A and Monnier, Y and , Mao, Z and Lobet, G and Maeght, J-L and Ramel, M and Stokes, A},
	 year = {2017},
	 doi = {10.1186/s13007-017-0160-z},
	 altmetric = {-},
	 citations = {3},
	 fcr = {},
	 url = {http://www.ncbi.nlm.nih.gov/pubmed/28286541},
	 keywords = {accepted}
}

@article{art-13,
	 title = {Using a structural root system model to evaluate and improve the accuracy of root image analysis pipelines},
	 author = {Lobet, G and Koevoets, I, T and Tocquin, P and Pagès, L and Périlleux, C},
	 year = {2017},
	 doi = {10.3389/fpls.2017.00447},
	 altmetric = {72},
	 citations = {8},
	 fcr = {},
	 url = {http://www.ncbi.nlm.nih.gov/pubmed/28421089},
	 keywords = {accepted}
}

@article{art-14,
	 title = {Integrating roots into a whole plant network of flowering time genes in Arabidopsis thaliana},
	 author = {Bouché, F and D, Alioa, M and Tocquin, P and Lobet, G and Detry, N and Périlleux, C},
	 year = {2016},
	 doi = {10.1038/srep29042},
	 altmetric = {9},
	 citations = {4},
	 fcr = {1.65},
	 url = {http://www.ncbi.nlm.nih.gov/pubmed/27352932},
	 keywords = {accepted}
}

@article{art-15,
	 title = {Environmental Control of Root System Biology},
	 author = {Rellan-Alvarez, R* and Lobet, G* and Dinneny, J},
	 year = {2016},
	 doi = {10.1146/annurev-arplant-043015-111848},
	 altmetric = {8},
	 citations = {22},
	 fcr = {8.65},
	 url = {http://www.ncbi.nlm.nih.gov/pubmed/26905656},
	 keywords = {accepted}
}

@article{art-16,
	 title = {FLOR-ID, an interactive database of flowering-time gene networks in Arabidopsis thaliana},
	 author = {Bouché, F* and Lobet, G* and Tocquin, P, and, Périlleux, C},
	 year = {2015},
	 doi = {10.1093/nar/gkv1054},
	 altmetric = {31},
	 citations = {23},
	 fcr = {8.53},
	 url = {http://www.ncbi.nlm.nih.gov/pubmed/26476447},
	 quote = {\rule{\linewidth}{0.2pt} \textbf{F1000 Recommended:} FLOR-ID presents an impressive effort in bringing together literature on flowering-time regulation in Arabidopsis. Pathways are presented as interconnected schemes with the possibility of accessing individual gene information such as mutant phenotype or post-translational regulation. Every scheme presents data in a very explicit way, making this database ideal for newcomers to the field or for teaching.\\  \hspace*{\fill} [F. Parcy, CNRS]
},
	 keywords = {accepted}
}

@article{art-17,
	 title = {archiDART, an R package for the automated 2D computation of plant root architectural traits},
	 author = {Delory, B and Baudson, C and Brostaux, Y and Lobet, G and du, Jardin, P and Pagès, L, and, Delaplace, P},
	 year = {2015},
	 doi = {10.1007/s11104-015-2673-4},
	 altmetric = {24},
	 citations = {6},
	 fcr = {4.91},
	 url = {http://dx.doi.org/10.1007/s11104-015-2673-4},
	 keywords = {accepted}
}

@article{art-18,
	 title = {GLO-Roots, an imaging platform enabling multidimensional characterization of soil grown root systems},
	 author = {Rellán-Álvarez, R and Lobet, G and Hildner, H and Pradier, PL and Sebastian, J and Yee, C and Yu, G and LaRue, T and Trontin, C and Nieu, R and Vogel, J, and, Dinneny, J},
	 year = {2015},
	 doi = {10.7554/eLife.07597},
	 altmetric = {120},
	 citations = {43},
	 fcr = {16.01},
	 url = {http://www.ncbi.nlm.nih.gov/pubmed/26287479},
	 keywords = {accepted}
}

@article{art-19,
	 title = {Root System Markup Language. Toward an unified root architecture description language},
	 author = {Lobet, G and Pound, MP and Diener, J and Pradal, C and Draye, X and Godin, C and Javaux, M and Leitner, D and Meunier, F and Nacry, P and Pridmore, TP, and, Schnepf, A},
	 year = {2015},
	 doi = {10.1104/pp.114.253625},
	 altmetric = {34},
	 citations = {31},
	 fcr = {16.5},
	 url = {http://www.ncbi.nlm.nih.gov/pubmed/25614065},
	 quote = {\rule{\linewidth}{0.2pt} It is clear that the language will help empower plant biologists and computation scientist working in root phenotyping and modeling fields to leverage and share work more efficiently with others.\\  \hspace*{\fill} [ Anonymous Reviewer 2 ]
},
	 keywords = {accepted}
}

@article{art-20,
	 title = {Rhizoponics, a novel hydroponic rhizotron for root system analyses on mature Arabidopsis thaliana plants},
	 author = {Mathieu, L* and Lobet, G* and Tocquin, P, and, Périlleux, C},
	 year = {2015},
	 doi = {10.1186/s13007-015-0046-x},
	 altmetric = {4},
	 citations = {16},
	 fcr = {4.21},
	 url = {http://www.ncbi.nlm.nih.gov/pubmed/25657812},
	 keywords = {accepted}
}

@article{art-21,
	 title = {Inflorescence development in tomato, gene functions within a zigzag model},
	 author = {Périlleux, C* and Lobet, G*, and, Tocquin, P},
	 year = {2014},
	 doi = {10.3389/fpls.2014.00121},
	 altmetric = {3},
	 citations = {15},
	 fcr = {2.74},
	 url = {http://www.ncbi.nlm.nih.gov/pubmed/24744766},
	 keywords = {accepted}
}

@article{art-22,
	 title = {Plant Water Uptake in Drying Soils},
	 author = {Lobet, G and Couvreur, C and Meunier, F and Javaux, M, and, Draye, X},
	 year = {2014},
	 doi = {10.1104/pp.113.233486},
	 altmetric = {3},
	 citations = {34},
	 fcr = {7.47},
	 url = {http://www.ncbi.nlm.nih.gov/pubmed/24515834},
	 quote = {\rule{\linewidth}{0.2pt} In summary, the update delivers a very useful overview of this complex, fast moving multidisciplinary area, that will be invaluable to non-specialists and specialists alike.\\  \hspace*{\fill} [ Anonymous Reviewer 2 ]
},
	 keywords = {accepted}
}

@article{art-23,
	 title = {A modeling approach to determine the importance of dynamic regulation of plant hydraulic conductivities on the water uptake dynamics in the soil-plant-atmosphere system},
	 author = {Lobet, G and Pagès, P, and, Draye, X},
	 year = {2014},
	 doi = {10.1016/j.ecolmodel.2013.11.025},
	 altmetric = {1},
	 citations = {8},
	 fcr = {1.69},
	 url = {http://dx.doi.org/10.1016/j.ecolmodel.2013.11.025},
	 keywords = {accepted}
}

@article{art-24,
	 title = {Comparative analysis of Cd and Zn impacts on root distribution and morphology of Lolium perenne and Trifolium repens. Implications for phytostabilization},
	 author = {Lambrechts, T and Lequeue, G and Lobet, G and Godin, B and Bielders, CL, and, Lutts, S},
	 year = {2014},
	 doi = {10.1007/s11104-013-1975-7},
	 altmetric = {-},
	 citations = {6},
	 fcr = {1.27},
	 url = {http://dx.doi.org/10.1007/s11104-013-1975-7},
	 keywords = {accepted}
}

@article{art-25,
	 title = {Root systems biology, integrative modeling across scales, from gene regulatory networks to the rhizosphere},
	 author = {Hill, K and Porco, S and Lobet, G and Zappala, S and Mooney, S and Draye, X, and, Bennett, MJ},
	 year = {2013},
	 doi = {10.1104/pp.113.227215},
	 altmetric = {4},
	 citations = {20},
	 fcr = {2.55},
	 url = {http://www.ncbi.nlm.nih.gov/pubmed/24143806},
	 keywords = {accepted}
}

@article{art-26,
	 title = {An online database for plant image analysis software tools},
	 author = {Lobet, G and Draye, X, and, Périlleux, C},
	 year = {2013},
	 doi = {10.1186/1746-4811-9-38},
	 altmetric = {36},
	 citations = {72},
	 fcr = {29.86},
	 url = {http://www.ncbi.nlm.nih.gov/pubmed/24107223},
	 quote = {\rule{\linewidth}{0.2pt} The database has a visiting rate of 10 000 page views / month \\ \rule{\linewidth}{0.2pt} Guillaume did the community of plant biologists a huge favor by creating a webpage that describes and links to a large number of image analysis tools that have been designed to solve a measurement problem in plant biology. Nobody knows more about what's already out there than Guillaume.\\  \hspace*{\fill} [ E. Spalding, University of Madison ]
},
	 keywords = {accepted}
}

@article{art-27,
	 title = {Novel scanning procedure enabling the vectorization of entire rhizotron-grown root systems},
	 author = {Lobet, G, and, Draye, X},
	 year = {2013},
	 doi = {10.1186/1746-4811-9-1},
	 altmetric = {0},
	 citations = {46},
	 fcr = {7.88},
	 url = {http://www.ncbi.nlm.nih.gov/pubmed/23286457},
	 keywords = {accepted}
}

@article{art-28,
	 title = {A novel image-analysis toolbox enabling quantitative analysis of root system architecture},
	 author = {Lobet, G and Pagès, L, and, Draye, X},
	 year = {2011},
	 doi = {10.1104/pp.111.179895},
	 altmetric = {3},
	 citations = {133},
	 fcr = {49.84},
	 url = {http://www.ncbi.nlm.nih.gov/pubmed/21771915},
	 keywords = {accepted}
}

@article{art-29,
	 title = {Model-assisted integration of physiological and environmental constraints affecting the dynamic and spatial patterns of root water uptake from soils},
	 author = {Draye, X and Kim, YX and Lobet, G, and, Javaux, M},
	 year = {2010},
	 doi = {10.1093/jxb/erq077},
	 altmetric = {-},
	 citations = {84},
	 fcr = {9.66},
	 url = {http://www.ncbi.nlm.nih.gov/pubmed/20453027},
	 keywords = {accepted}
}



 %%% ----------------- INVITED CONFERENCES -------------------- %%%

@inproceedings{pres-30,
	 title = {Alternative plants, why we need models to understand the complexity of plants},
	 author = {Lobet, G},
	 year = {2018},
	 booktitle = {CRAG Seminar},
	 address = { Barcelona,  Spain},
	 url = {https://doi.org/10.6084/m9.figshare.6188372.v1},
	 keywords = {invited}
}

@inproceedings{pres-31,
	 title = {Non-linear plant phenotyping pipelines. How can structural models and machine learning can help us analyse large plant image datasets},
	 author = {Lobet, G},
	 year = {2018},
	 booktitle = {Phenome 2018},
	 address = { Tucson,  USA},
	 url = {https://doi.org/10.6084/m9.figshare.5885329.v2},
	 keywords = {invited}
}

@inproceedings{pres-32,
	 title = {Using machine learning and growth models to streamline large scale root phenotyping},
	 author = {Lobet, G},
	 year = {2017},
	 booktitle = {JST International Workshop on Field Phenotyping},
	 address = { Tokyo,  Japan},
	 url = {https://doi.org/10.6084/m9.figshare.5682775.v1},
	 keywords = {invited}
}

@inproceedings{pres-33,
	 title = {Alternative plants, why we need models to understand the complexity of plants},
	 author = {Lobet, G},
	 year = {2017},
	 booktitle = {IPG Symposium},
	 address = { Missouri,  USA},
	 url = {http://dx.doi.org/10.6084/m9.figshare.5089900.v1},
	 keywords = {invited}
}

@inproceedings{pres-34,
	 title = {Open Science. A view from the Bench},
	 author = {Lobet, G},
	 year = {2016},
	 booktitle = {Open Belgium Conference},
	 address = { Antwerpen,  Belgium},
	 url = {http://dx.doi.org/10.6084/m9.figshare.3020170},
	 keywords = {invited}
}

@inproceedings{pres-35,
	 title = {Science Valorisation},
	 author = {Lobet, G},
	 year = {2015},
	 booktitle = {Communiquer sa recherche},
	 address = { Brussels,  Belgium},
	 url = {http://dx.doi.org/10.6084/m9.figshare.1057995},
	 keywords = {invited}
}

@inproceedings{pres-36,
	 title = {Structural Root Modelling},
	 author = {Lobet, G},
	 year = {2015},
	 booktitle = {Winter School on Root Phenotyping},
	 address = { Jülich,  Germany},
	 url = {http://dx.doi.org/10.6084/m9.figshare.1594792},
	 keywords = {invited}
}

@inproceedings{pres-37,
	 title = {Science Valorisation},
	 author = {Lobet, G},
	 year = {2015},
	 booktitle = {Let's Talk Science},
	 address = { Leuven,  Belgium},
	 url = {http://dx.doi.org/10.6084/m9.figshare.1057995},
	 keywords = {invited}
}

@inproceedings{pres-38,
	 title = {Plant Image Analysis tools. Current trends and limitations},
	 author = {Lobet, G},
	 year = {2015},
	 booktitle = {Plant Image Analysis Problems and Solution},
	 address = { Madison,  Wisconsin},
	 url = {http://dx.doi.org/10.6084/m9.figshare.1169928},
	 keywords = {invited}
}

@inproceedings{pres-39,
	 title = {Introducing Root System Markup Language},
	 author = {Lobet, G},
	 year = {2015},
	 booktitle = {Modeling plant development from the organ to the whole plant scale},
	 address = { Montpellier,  France},
	 url = {http://dx.doi.org/10.6084/m9.figshare.1379862},
	 keywords = {invited}
}

@inproceedings{pres-40,
	 title = {Water relations in the SPAC. What can we learn from functional-structural plant models},
	 author = {Lobet, G},
	 year = {2014},
	 booktitle = {Soil Science Society Belgium},
	 address = { Brussels,  Belgium},
	 url = {http://figshare.com/articles/Modelling_water_relations_in_the_soil_plant_atmosphere_system/1091425},
	 keywords = {invited}
}

@inproceedings{pres-41,
	 title = {Water relations in the soil-plant system. What can we learn from functional-structural plant models},
	 author = {Lobet, G},
	 year = {2014},
	 booktitle = {BASF Top Science Meeting},
	 address = { Mannheim,  Germany},
	 url = {http://figshare.com/articles/Modelling_water_relations_in_the_soil_plant_atmosphere_system/1091425},
	 keywords = {invited}
}

@inproceedings{pres-42,
	 title = {Modelling water relations in the soil-plant-atmosphere system},
	 author = {Lobet, G},
	 year = {2014},
	 booktitle = {SEB Main Meeting},
	 address = { Manchester,  UK},
	 url = {http://figshare.com/articles/Modelling_water_relations_in_the_soil_plant_atmosphere_system/1091425},
	 keywords = {invited}
}

@inproceedings{pres-43,
	 title = {A Novel Image Analysis Toolbox Enabling Quantitative Analysis of Root System Architecture.},
	 author = {Lobet, G},
	 year = {2012},
	 booktitle = {International Workshop on Image Analysis Methods for Plant Science},
	 address = { Nottingham,  UK},
	 url = {http://dx.doi.org/10.6084/m9.figshare.95665},
	 keywords = {invited}
}

@inproceedings{pres-44,
	 title = {New insights on the role of root radial conductivity on the overall uptake dynamics},
	 author = {Lobet, G},
	 year = {2011},
	 booktitle = {Roots for improving resource acquisition in crops},
	 address = { Grasmere,  UK},
	 url = {http://dx.doi.org/10.6084/m9.figshare.95591},
	 keywords = {invited}
}



 %%% ----------------- CONFERENCES -------------------- %%%

@inproceedings{pres-45,
	 title = {Using structural models to validate and improve root image analysis pipelines},
	 author = {Lobet, G},
	 year = {2016},
	 booktitle = {International Plant Phenotyping Symposium},
	 address = { Mexico City,  Mexico},
	 url = {http://dx.doi.org/10.6084/m9.figshare.4311848.v1},
	 keywords = {spont}
}

@inproceedings{pres-46,
	 title = {How to deal with the complexity of plants, a modelling vision},
	 author = {Lobet, G},
	 year = {2016},
	 booktitle = {CPIB Seminar},
	 address = { Nottingham,  UK},
	 url = {http://dx.doi.org/10.6084/m9.figshare.4239140.v3},
	 keywords = {spont}
}

@inproceedings{pres-47,
	 title = {plant-image-analysis.org, A platform referencing plant image analysis tools},
	 author = {Lobet, G},
	 year = {2016},
	 booktitle = {Neubias Taggathon},
	 address = { Barcelona,  Spain (video-conference)},
	 url = {http://dx.doi.org/10.6084/m9.figshare.3826488},
	 keywords = {spont}
}

@inproceedings{pres-48,
	 title = {FLOR-ID, an interactive database of flowering gene network in Arabidopsis},
	 author = {Lobet, G},
	 year = {2015},
	 booktitle = {Workshop on Mechanisms Controling Flower Development},
	 address = { Aiguablava,  Spain},
	 url = {http://orbi.ulg.ac.be/handle/2268/180776},
	 keywords = {spont}
}

@inproceedings{pres-49,
	 title = {Plant Image Analysis tools. Current trends and limitations},
	 author = {Lobet, G},
	 year = {2014},
	 booktitle = {International workshop on Image analysis methods for the plant sciences},
	 address = { Aberythwyth,  UK},
	 url = {http://dx.doi.org/10.6084/m9.figshare.1169928},
	 keywords = {spont}
}

@inproceedings{pres-50,
	 title = {Inflorescence development in tomato. Gene functions within a zigzag model.},
	 author = {Lobet, G},
	 year = {2014},
	 booktitle = {Genetic Variation of Flowering Time Genes and Applications for Crop Improvement},
	 address = { Bielefeld,  Germany},
	 url = {http://dx.doi.org/10.6084/m9.figshare.976039},
	 keywords = {spont}
}

@inproceedings{pres-51,
	 title = {First steps towards an explicit modeling of aba production and translocation in relation with the water uptake dynamics},
	 author = {Lobet, G},
	 year = {2013},
	 booktitle = {9th International Workshop on Sap Flow},
	 address = { Ghent,  Belgium},
	 url = {http://dx.doi.org/10.6084/m9.figshare.713568},
	 keywords = {spont}
}

